@Online{fielding-dissertation,
	title = {Architectural Styles and the Design of Network-based Software Architectures},
	author = {Fielding, R. T.},
	url = {https://www.ics.uci.edu/~fielding/pubs/dissertation/rest_arch_style.htm},
	urldate = {2021-05-15},
	year = {2000},
	hyphenation = {english}
}

%@PHDTHESIS{fielding-dissertation,
%  author	   = {Fielding, Roy Thomas},
%  title		= {Architectural Styles and the Design of Network-based Software Architectures},
%  school	   = {University of California, Irvine},
%  science	  = {PhD in Information and Computer Science},
%  year		 = {2000},
%  address	  = {The address of the publisher},
%  pagetotal	= {180},
%  hyphenation  = {english}
%}

@Online{graphql-introduction,
	title = {Introduction to GraphQL},
	url = {https://graphql.org/learn/},
	urldate = {2021-05-15},
	hyphenation = {english}
}

@Online{graphql-why-use,
	title = {Why use GraphQL, good and bad reasons},
	author = {Honest Engineers},
	url = {https://honest.engineering/posts/why-use-graphql-good-and-bad-reasons},
	urldate = {2021-05-15},
	hyphenation = {english}
}

@Online{rest-soap-graphql-guide,
	title = {The Ultimate Guide to API Architecture: REST, SOAP or GraphQL?},
	url = {https://da-14.com/blog/ultimate-guide-api-architecture-rest-soap-or-graphql},
	urldate = {2021-05-15},
	hyphenation = {english}
}

@Online{graphql-whats-wrong,
	title = {Что не так с GraphQL},
	author = {Сохарев, Р},
	url = {https://habr.com/ru/post/425041/},
	urldate = {2021-05-15},
	hyphenation = {english}
}

@Online{jolt-github,
	title = {JOLT},
	author = {Simpson, M.},
	url = {https://github.com/bazaarvoice/jolt},
	urldate = {2021-05-15},
	hyphenation = {english}
}

@Online{graphqlcaching,
	title = {GraphQL & Caching: The Elephant in the Room},
	author = {Giroux, M.},
	url = {https://www.apollographql.com/blog/graphql-caching-the-elephant-in-the-room-11a3df0c23ad/},
	urldate = {2021-05-15},
	hyphenation = {english}
}